The following text is the set of strings extracted from the html file of a webpage. Amazon.de : cheese Skip to main content .de Deliver to Portugal All Select the department you want to search in All Departments Alexa Skills Amazon Devices Amazon Global Store Amazon Warehouse Apps & Games Audible Audiobooks Baby Beauty Books Car & Motorbike CDs & Vinyl Classical Music Co-op Computers & Accessories Deals Digital Music DIY & Tools DVD & Blu-ray Electronics & Photo Fashion Women Men Girls Boys Baby Garden & Outdoors Gift Cards Grocery Handmade Health & Personal Care Home & Business Services Home & Kitchen Iceland Industrial & Scientific Kindle Store Large Appliances Lighting Luggage and travel gear Luxury Stores Morrisons Musical Instruments & DJ Equipment PC & Video Games Pet Supplies Premium Beauty Prime Video Software Sports & Outdoors Stationery & Office Supplies Subscribe & Save Toys & Games Search Amazon.de EN Hello, Jane Account & Lists Not Jane? Sign Out Returns & Orders 0 Shopping- Basket Your Lists Find a Gift Create a List Wedding List Baby Wishlist Discover Your Style Explore Showroom Your Account Your Account Your Orders Your Dash Buttons Your Lists Your Recommendations Your Subscribe & Save Items Your Pets Memberships & Subscriptions Register for a free business account Manage Your Content and Devices My Prime Music Your Music Your Amazon Drive Your Prime Video Your Kindle Unlimited Your Watchlist Your Video Purchases & Rentals Your Games and Software Library Your Android Apps & Devices Switch Accounts Sign Out All Customer Service Amazon Basics Buy Again Today's Deals Best Sellers New Releases Home & Kitchen Shopper Toolkit Gift Cards Books Gift Ideas Fashion Home Improvement Computers Electronics & Photo Drugstore & Body Care Car & Motorbike PC & Video Games Sports & Outdoors Toys & Games Pet Supplies Baby Subscribe & Save Beauty & Personal Care Sell on Amazon Disability Customer Support 1-48 of over 40,000 results for "cheese" Sort by: Featured Price: Low to high Price: High to low Avg. Customer review Newest arrivals Sort by: Featured Go Results Learn about these results. Check each product page for other buying options. Price and other details may vary based on product size and colour. Sponsored Sponsored You’re seeing this ad based on the product’s relevance to your search query. Learn more about this advertisement Knorr Taste the World Pasta Snack Mac & Cheese Jalapeño Delicious Little Meal Ready in Just 5 Minutes 8 x 62 g Mac&Cheese 3.6 out of 5 stars 326 300+ bought in past month €11.92 € 11 . 92 ( €24.03 €24.03 /kg) RRP: €13.30 €13.30 €10.73 with Subscribe & Save discount <label>10% off</label> your first subscription order 10% off your first subscription order €8.41 delivery Mon, 3 Jun Delivers to Portugal Add to basket - Remove Sponsored Sponsored You’re seeing this ad based on the product’s relevance to your search query. Learn more about this advertisement Brazzale Asiago DOP Mild Mountain Cheese from Italy 300 g Matured for 30 Days 2.5 out of 5 stars 2 €6.99 € 6 . 99 ( €23.30 €23.30 /kg) Only 8 left in stock. Add to basket - Remove Sponsored Sponsored You’re seeing this ad based on the product’s relevance to your search query. Learn more about this advertisement Wurstbaron® Hard Cheese Package 790 g – Set of Different Cheese Types in One Piece – Cheese Tasting Package 4.1 out of 5 stars 57 €27.99 € 27 . 99 ( €38.88 €38.88 /kg) Save more with Subscribe & Save Small Business Small Business In Germany, Austria and Switzerland (DACH), we follow the definition of the European Commission and the State Secretariat for Economic Affairs (SECO) for small and medium-sized enterprises. Companies are eligible for this badge if they are brand owners registered with Amazon Brand Registry or participate in the Handmade program. The specific products that receive the badge come from small and medium-sized brands and artisans based in Germany, Austria or Switzerland. Learn more Add to basket - Remove Sponsored Sponsored You’re seeing this ad based on the product’s relevance to your search query. Learn more about this advertisement Cheesepop Surprisingly Crispy & Airy, Delicious Creamy & Versatile Hard, Rich in Protein, 100% Gouda Cheese Pepped Snack, 12 x 20 g Gouda 4.4 out of 5 stars 156 50+ bought in past month €14.99 € 14 . 99 ( €62.46 €62.46 /kg) €13.49 with Subscribe & Save discount Buy 4, save 5% €7.94 delivery Mon, 3 Jun Delivers to Portugal Add to basket - Remove Old Fashioned Foods Cheese Cheddar Squeeze Cheese, Microveable, Cheddar Cheese Sauce, 326 g cheddar 3.9 out of 5 stars 36 100+ bought in past month €4.99 € 4 . 99 ( €15.31 €15.31 /kg) Save more with Subscribe & Save €8.01 delivery Mon, 3 Jun Delivers to Portugal Add to basket - Remove Amazon's Choice for "käse" Bayreuther Edamer Landmetzger Schiessl Approx. 500 g 4.5 out of 5 stars 218 50+ bought in past month Small Business Small Business In Germany, Austria and Switzerland (DACH), we follow the definition of the European Commission and the State Secretariat for Economic Affairs (SECO) for small and medium-sized enterprises. Companies are eligible for this badge if they are brand owners registered with Amazon Brand Registry or participate in the Handmade program. The specific products that receive the badge come from small and medium-sized brands and artisans based in Germany, Austria or Switzerland. Learn more See options No featured offers available €7.90 (1 new offer) Best Seller in Fresh Hard Cheese Original Grünländer Emmentaler "Mild & Nussy" – Landmetzger Schiessl – Approx. 500 g 4.2 out of 5 stars 391 50+ bought in past month Small Business Small Business In Germany, Austria and Switzerland (DACH), we follow the definition of the European Commission and the State Secretariat for Economic Affairs (SECO) for small and medium-sized enterprises. Companies are eligible for this badge if they are brand owners registered with Amazon Brand Registry or participate in the Handmade program. The specific products that receive the badge come from small and medium-sized brands and artisans based in Germany, Austria or Switzerland. Learn more See options No featured offers available €11.95 (1 new offer) Cräx Cheese Pastry with Real Gouda and Edam 75 g (1 x 75 g) 3.8 out of 5 stars 367 200+ bought in past month €1.69 € 1 . 69 ( €22.53 €22.53 /kg) €1.61 with Subscribe & Save discount €7.62 delivery Mon, 3 Jun Delivers to Portugal Add to basket - Remove Roland Swiss Apero Cheese Poppy (1 x 100 g) 100 g (Pack of 1) Options: 2 sizes 2 sizes 4.0 out of 5 stars 187 200+ bought in past month €2.29 € 2 . 29 ( €22.90 €22.90 /kg) €2.18 with Subscribe & Save discount €7.69 delivery Sat, 1 Jun Delivers to Portugal Add to basket - Remove NABIO Mediterranean spreads and dips take you on a journey to the appetizer plates of the South. 3 x vegan spreads, 3 x vegetarian spreads (6 x 135 g) Mediterranean 4.1 out of 5 stars 81 100+ bought in past month €14.82 € 14 . 82 ( €2.47 €2.47 /stück) €13.34 with Subscribe & Save discount Buy 4, save 5% €9.84 delivery Mon, 3 Jun Delivers to Portugal Add to basket - Remove Amica Tam Cheese Shock (1 x 100g) Options: 2 sizes 2 sizes 4.0 out of 5 stars 1,066 600+ bought in past month €1.59 € 1 . 59 ( €15.90 €15.90 /kg) Save more with Subscribe & Save Buy 4, save 5% €7.63 delivery Mon, 3 Jun Delivers to Portugal Add to basket - Remove Peters Mit Genuss verführt Cheese Pastry Mix, Metal Box, Pastries, Biscuits, Cheese, Gouda, Mozzarella, Pastry Mix, Gift Idea, Ideal for Gifting, Made in Germany, 155 g cheese pastry mix 4.1 out of 5 stars 53 50+ bought in past month €9.50 € 9 . 50 ( €61.29 €61.29 /kg) €9.03 with Subscribe & Save discount €8.03 delivery Mon, 3 Jun Delivers to Portugal Small Business Small Business In Germany, Austria and Switzerland (DACH), we follow the definition of the European Commission and the State Secretariat for Economic Affairs (SECO) for small and medium-sized enterprises. Companies are eligible for this badge if they are brand owners registered with Amazon Brand Registry or participate in the Handmade program. The specific products that receive the badge come from small and medium-sized brands and artisans based in Germany, Austria or Switzerland. Learn more Add to basket - Remove Sponsored Sponsored You’re seeing this ad based on the product’s relevance to your search query. Learn more about this advertisement Wurstbaron® Bavarian Cheese Variety - Special Cheese Specialities - Edible Bark - Lactose Free 4.3 out of 5 stars 20 €27.99 € 27 . 99 ( €36.83 €36.83 /kg) Save more with Subscribe & Save Small Business Small Business In Germany, Austria and Switzerland (DACH), we follow the definition of the European Commission and the State Secretariat for Economic Affairs (SECO) for small and medium-sized enterprises. Companies are eligible for this badge if they are brand owners registered with Amazon Brand Registry or participate in the Handmade program. The specific products that receive the badge come from small and medium-sized brands and artisans based in Germany, Austria or Switzerland. Learn more Add to basket - Remove Sponsored Sponsored You’re seeing this ad based on the product’s relevance to your search query. Learn more about this advertisement Pistachio Cheese, Goat and Sheep Cheese, Typical Sicilian, 450 g, Refined in the Crust with Olive Oil and Pistachios 4.3 out of 5 stars 24 €17.50 € 17 . 50 ( €17.50 €17.50 /stück) €14.99 delivery 4 - 6 Jun Only 20 left in stock. Made in Italy Made in Italy Shop products that have been wholly produced or have undergone their last substantial transformation in Italy. Discover more about “Made in Italy”, a label synonymous throughout the world with refined materials, attention to detail, and creativity. Learn more Add to basket - Remove Sponsored Sponsored You’re seeing this ad based on the product’s relevance to your search query. Learn more about this advertisement Asiafoodland Samyang Buldak Ramen Set, Cheese, Spicy / Creamy Noodles from South Korea, with Challenge and Recipe Card, Pack of 5 (5 x 140 g) Cheese (5x) 4.4 out of 5 stars 581 50+ bought in past month €17.99 € 17 . 99 ( €25.70 €25.70 /kg) €17.09 with Subscribe & Save discount Small Business Small Business In Germany, Austria and Switzerland (DACH), we follow the definition of the European Commission and the State Secretariat for Economic Affairs (SECO) for small and medium-sized enterprises. Companies are eligible for this badge if they are brand owners registered with Amazon Brand Registry or participate in the Handmade program. The specific products that receive the badge come from small and medium-sized brands and artisans based in Germany, Austria or Switzerland. Learn more Add to basket - Remove Sponsored Sponsored You’re seeing this ad based on the product’s relevance to your search query. Learn more about this advertisement Cräx Cheese Pastry with Gouda and Edam - Crispy Cheese Snacks, Oven Baked - Nibbles, Snack Pastries, Specialities from Holland - Ideal for Party and Home Cinema Evenings - Pack of 14 (14 x 75 g) Cheese 4.3 out of 5 stars 121 €23.66 € 23 . 66 ( €22.53 €22.53 /kg) RRP: €25.06 €25.06 €21.29 with Subscribe & Save discount €9.39 delivery Sat, 1 Jun Delivers to Portugal Add to basket - Remove Gouda 200g Canned Cheese with Ring Pull Closure 4.2 out of 5 stars 194 €9.99 € 9 . 99 ( €49.95 €49.95 /kg) Save more with Subscribe & Save €7.84 delivery Mon, 3 Jun Delivers to Portugal Small Business Small Business In Germany, Austria and Switzerland (DACH), we follow the definition of the European Commission and the State Secretariat for Economic Affairs (SECO) for small and medium-sized enterprises. Companies are eligible for this badge if they are brand owners registered with Amazon Brand Registry or participate in the Handmade program. The specific products that receive the badge come from small and medium-sized brands and artisans based in Germany, Austria or Switzerland. Learn more Add to basket - Remove More buying choices €5.45 (2 new offers) Erasco Maccaroni cheese pot 800 g 4.0 out of 5 stars 490 100+ bought in past month €3.79 € 3 . 79 ( €4.74 €4.74 /kg) RRP: €4.09 €4.09 €3.60 with Subscribe & Save discount €8.67 delivery Mon, 3 Jun Delivers to Portugal Add to basket - Remove Henri Willig Cow Cheese with Italian Herbs 50+ (1/8 Whole Cheese (+/- 500 gr*)) 5.0 out of 5 stars 4 €10.95 € 10 . 95 ( €21.90 €21.90 /stück) €5.95 delivery 4 - 7 Jun Add to basket - Remove American Cheese Zip, US Spray Cheese with 35% Cheddar Cheese, 8 oz 3.4 out of 5 stars 37 50+ bought in past month See options No featured offers available €8.99 (1 new offer) Sponsored Sponsored You’re seeing this ad based on the product’s relevance to your search query. Learn more about this advertisement Gazi Shepherd's Cheese in Oil with Herbs - 1 x 300 g Jar - Cow Cheese Cheese Cow Cheese in Rapeseed Oil Herbs 45% Fat 100% Cow's Milk Mild Microbial Lab Vegetarian Gluten Free Halal 4.3 out of 5 stars 11 See options Sponsored Sponsored You’re seeing this ad based on the product’s relevance to your search query. Learn more about this advertisement Wurstbaron® Sausage Barons Cheese All Sorts, Mixed Tasting Pack, Hard and Soft Cheese, Lactose Free 4.0 out of 5 stars 14 €29.99 € 29 . 99 ( €31.57 €31.57 /kg) Save more with Subscribe & Save Small Business Small Business In Germany, Austria and Switzerland (DACH), we follow the definition of the European Commission and the State Secretariat for Economic Affairs (SECO) for small and medium-sized enterprises. Companies are eligible for this badge if they are brand owners registered with Amazon Brand Registry or participate in the Handmade program. The specific products that receive the badge come from small and medium-sized brands and artisans based in Germany, Austria or Switzerland. Learn more Add to basket - Remove Sponsored Sponsored You’re seeing this ad based on the product’s relevance to your search query. Learn more about this advertisement Formaggio Brie Brie Cheese, 1 kg, Typical Formula, Soft Cheese 4.4 out of 5 stars 117 €19.90 € 19 . 90 ( €19.90 €19.90 /stück) €14.99 delivery 4 - 6 Jun Only 9 left in stock. Add to basket - Remove Sponsored Sponsored You’re seeing this ad based on the product’s relevance to your search query. Learn more about this advertisement Easy Yummy Cheddar Cheese Powder (300g), 100% Cheddar Cheese 4.0 out of 5 stars 1,546 50+ bought in past month €22.99 € 22 . 99 ( €76.63 €76.63 /kg) €21.84 with Subscribe & Save discount 5% voucher applied at checkout Save 5% with voucher €7.97 delivery Mon, 3 Jun Delivers to Portugal Add to basket - Remove Kraft Macaroni and Cheese Classic 3er-Pack x 206g – Schnelle Mahlzeit, Käsige Makkaroni, Familienfreundlich, Einfache Zubereitung, Klassischer Geschmack – Komfortnahrung für Jeden Tag 4.6 out of 5 stars 3 100+ bought in past month Currently unavailable. See options Gut & Günstig Cheese Slices with Chester, Pack of 8 (8 x 250 g) Options: 2 sizes 2 sizes 4.3 out of 5 stars 9 See options No featured offers available €22.00 (2 new offers) Tine Gudbrandsdalen Formaggio 1 kg 4.7 out of 5 stars 189 See options No featured offers available €20.00 (4 new offers) Der Käse-Atlas: Das Standardwerk. Geschichte & Produktion, Sorten & Herkunftsregionen, Aromen & Verkostung. Über 400 Käsesorten aus 25 Ländern by DK Verlag , Tristan Sicard , et al. Hardcover €24.95 € 24 . 95 €8.53 delivery Delivers to Portugal This title will be released on July 29, 2024. Kraft Macaroni and Cheese The Cheesiest, Pack of 5 (5 x 206 g) 4.1 out of 5 stars 1,540 200+ bought in past month €19.95 € 19 . 95 ( €19.37 €19.37 /kg) €9.01 delivery Delivers to Portugal Add to basket - Remove More buying choices €18.97 (11 new offers) Almgourmet - Gourmet Cheese Variation "Tasting Plate - South Tyrol" - Compilation of 3 South Tyrolean Cheeses (550g) - Spicy and Strong Flavour 5.0 out of 5 stars 4 €21.84 € 21 . 84 ( €21.84 €21.84 /stück) €15.99 delivery 5 - 12 Jun Small Business Small Business In Germany, Austria and Switzerland (DACH), we follow the definition of the European Commission and the State Secretariat for Economic Affairs (SECO) for small and medium-sized enterprises. Companies are eligible for this badge if they are brand owners registered with Amazon Brand Registry or participate in the Handmade program. The specific products that receive the badge come from small and medium-sized brands and artisans based in Germany, Austria or Switzerland. Learn more Add to basket - Remove Roland Mini Twist Swiss Cheese 75 g, Pack of 10 (10 x 75 g) Cheese 4.6 out of 5 stars 11 €19.90 € 19 . 90 ( €26.53 €26.53 /kg) €17.91 with Subscribe & Save discount €8.88 delivery Mon, 3 Jun Delivers to Portugal Only 14 left in stock (more on the way). Add to basket - Remove Original Swiss Cheese Emmentaler AOP 500 g Classic Cool Box Shipping with Styrofoam Box and Special Ice Pack for Food Shipping 3.8 out of 5 stars 14 See options No featured offers available €18.95 (2 new offers) Gazi Sheep Cheese in Brine - 2 x 400 g Metal Tin - Sheep Cheese Sheep Cheese Koyun Peyniri 50% Fat 100% Sheep's Milk, Mild, Microbial Lab, Vegetarian, Gluten-Free, with Börek, Salad Options: 11 sizes 11 sizes 4.3 out of 5 stars 106 See options No featured offers available €19.00 (4 new offers) Tyrrells Slow-Cooked Crisps Cheddar & Chive (1 x 150 g) Cheddar & Chive Options: 3 sizes, 4 flavours 3 sizes, 4 flavours 4.3 out of 5 stars 1,306 400+ bought in past month €2.59 € 2 . 59 ( €17.27 €17.27 /kg) €2.33 with Subscribe & Save discount <label>5% off</label> your first subscription order 5% off your first subscription order €7.69 delivery Mon, 3 Jun Delivers to Portugal Add to basket - Remove Henri Willig Cow Cheese Hot & Spicy 50+ (1/8 Whole Cheese (+/- 500 gr*)) 4.6 out of 5 stars 6 €10.95 € 10 . 95 ( €21.90 €21.90 /stück) €5.95 delivery 4 - 7 Jun Add to basket - Remove TUC Baked Bites Cream Cheese & Onion 6 x 110 g I Salt Pastry Bulk Pack I Crackers with Sour Cream Onion Flavour I Tuc Mini Cracker onion 4.4 out of 5 stars 746 100+ bought in past month €8.94 € 8 . 94 ( €13.55 €13.55 /kg) RRP: €11.94 €11.94 €8.05 with Subscribe & Save discount <label>10% off</label> your first subscription order 10% off your first subscription order €8.59 delivery Mon, 3 Jun Delivers to Portugal Add to basket - Remove TUC Cheese 1 x 100 g I Salt Pastry Single Pack I Cheese Flavour Nibbles I Finely Salted Snack Crackers Cheese 4.8 out of 5 stars 18 50+ bought in past month €1.49 € 1 . 49 ( €14.90 €14.90 /kg) €1.42 with Subscribe & Save discount <label>10% off</label> your first subscription order 10% off your first subscription order €7.64 delivery Mon, 3 Jun Delivers to Portugal Add to basket - Remove Gazi Yumusak Shepherd's Cheese, 2 x 500 g Tubs, Creamy Soft Cheese Made from Cow's Milk, Cow Cheese Süzme Beyaz Peynir with 55% Fat i.T., Especially Delicate and Creamy, for Salads, as Filling in 4.0 out of 5 stars 8 See options No featured offers available €16.99 (2 new offers) Blue Stilton Cheese in Clay Pot Set of 2 4.9 out of 5 stars 9 See options No featured offers available €20.75 (1 new offer) Chio Dip Hot Cheese (1 x 200 ml) Hot Cheese 4.4 out of 5 stars 1,557 300+ bought in past month €2.69 € 2 . 69 ( €13.45 €13.45 /l) €2.42 with Subscribe & Save discount <label>5% off</label> your first subscription order 5% off your first subscription order €8.01 delivery Mon, 3 Jun Delivers to Portugal Add to basket - Remove Easy Yummy Cheddar Cheese Powder (300g), 100% Cheddar Cheese 4.0 out of 5 stars 1,546 50+ bought in past month €22.99 € 22 . 99 ( €76.63 €76.63 /kg) €21.84 with Subscribe & Save discount 5% voucher applied at checkout Save 5% with voucher €7.97 delivery Mon, 3 Jun Delivers to Portugal Add to basket - Remove Kraft Macaroni and Cheese The Cheesiest, Pack of 10 x 206 g Original 4.5 out of 5 stars 599 100+ bought in past month €28.35 € 28 . 35 ( €13.76 €13.76 /kg) Save more with Subscribe & Save €9 delivery 4 - 10 Jun Add to basket - Remove More buying choices €27.99 (4 new offers) Almgourmet - Gourmet Cheese Variation "Tasting Plate" - Compilation of 3 Tyrolean Cheeses (550g) - Spicy and Strong Taste 4.5 out of 5 stars 36 €20.05 € 20 . 05 ( €20.05 €20.05 /stück) €15.99 delivery 5 - 12 Jun Small Business Small Business In Germany, Austria and Switzerland (DACH), we follow the definition of the European Commission and the State Secretariat for Economic Affairs (SECO) for small and medium-sized enterprises. Companies are eligible for this badge if they are brand owners registered with Amazon Brand Registry or participate in the Handmade program. The specific products that receive the badge come from small and medium-sized brands and artisans based in Germany, Austria or Switzerland. Learn more Add to basket - Remove Genussleben Breakfast box with approx. 800 g jam, jam, honey, hazelnut cream, sausage and cream cheese in many flavours, small portions in a mix for office, family or on the go. Full Breakfast 3.8 out of 5 stars 56 50+ bought in past month See options No featured offers available €21.97 (2 new offers) Cheesepop Surprisingly, Crispy & Airy, Low Spicy & Creamy, Rich in Protein, 100% Cheddar Cheese Pepped Snack, 12 x 20 g Cheddar 4.4 out of 5 stars 156 100+ bought in past month €14.99 € 14 . 99 ( €62.46 €62.46 /kg) €13.49 with Subscribe & Save discount Buy 4, save 5% €7.97 delivery Mon, 3 Jun Delivers to Portugal Add to basket - Remove American Spray Cheese 227g with 35% Cheddar Cheese 3.4 out of 5 stars 651 €10.95 € 10 . 95 ( €48.24 €48.24 /kg) Save more with Subscribe & Save €7.88 delivery Mon, 3 Jun Delivers to Portugal Only 14 left in stock. Add to basket - Remove More buying choices €6.75 (4 new offers) TUC Cheese 18 x 100 g - Finely Salted Crackers with Cheese Flavour Cheese 4.4 out of 5 stars 218 See options No featured offers available €20.52 (2 new offers) GROKSi! Cheese Snack from Italy | Cheese Cracker | Protein Snack (Classico, 12 x 60 g) Classico 4.5 out of 5 stars 130 50+ bought in past month See options No featured offers available €29.99 (2 new offers) Hymor Raclette Cheese Natural - 2 x 400 g - Sliced | French Cut Cheese by Ermitage | Matured for at least 8 Weeks | Classic for Raclette | as a topping for bread and sandwiches 5.0 out of 5 stars 5 See options No featured offers available €13.49 (1 new offer) Gudbrandsdalen Käse 250g Tine Brunost Gjetost Molkenkäse Norwegenkäse Braunkäse Options: 2 sizes 2 sizes 4.6 out of 5 stars 161 See options No featured offers available €9.45 (4 new offers) Original AOC Tete de Moine Cheese Whole Cheese Approx. 900 g 4.1 out of 5 stars 519 €29.20 € 29 . 20 ( €32.44 €32.44 /kg) Was: €30.00 €30.00 €10.50 delivery 7 - 11 Jun Add to basket - Remove More buying choices €24.88 (5 new offers) Original AOC Tete de Moine Swiss Monk's Head Cheese Half Loaf Approx. 400 g Cool Box with Polystyrene Box and Special Ice Pack for Food Shipping 4.4 out of 5 stars 207 100+ bought in past month See options No featured offers available €12.41 (8 new offers) Original Swiss Cheese Emmentaler AOP 500 g Cave-Treated Rock Emental Cool Box with Polystyrene Box and Special Ice Pack for Food Shipping 4.2 out of 5 stars 6 See options No featured offers available €16.95 (2 new offers) Kettle Chips Mature Cheddar Cheese & Red Onion 10 x 130g Bags Hand Fried Kettle Chips Crispy Potato Chips with the Flavor of Aged Cheddar Cheese and Red Onions for the Evening Options: 9 flavours 9 flavours 3.9 out of 5 stars 24 €22.90 € 22 . 90 ( €17.62 €17.62 /kg) €21.76 with Subscribe & Save discount €9.62 delivery Mon, 3 Jun Delivers to Portugal Only 2 left in stock (more on the way). Add to basket - Remove Almgourmet - Hard Cheese from South Tyrol - 2 pieces each 400g - Aged 12 Months - Hearty Urtyrolean Cheese with Spicy Flavour 4.0 out of 5 stars 21 €35.84 € 35 . 84 ( €44.80 €44.80 /kg) €15.99 delivery 5 - 12 Jun Small Business Small Business In Germany, Austria and Switzerland (DACH), we follow the definition of the European Commission and the State Secretariat for Economic Affairs (SECO) for small and medium-sized enterprises. Companies are eligible for this badge if they are brand owners registered with Amazon Brand Registry or participate in the Handmade program. The specific products that receive the badge come from small and medium-sized brands and artisans based in Germany, Austria or Switzerland. Learn more Add to basket - Remove 5 Italian Jams for Cheese in Gift Wooden Box | 5 x 35g Honey 4.3 out of 5 stars 54 €18.99 € 18 . 99 ( €108.51 €108.51 /kg) €8.27 delivery Mon, 3 Jun Delivers to Portugal Made in Italy Made in Italy Shop products that have been wholly produced or have undergone their last substantial transformation in Italy. Discover more about “Made in Italy”, a label synonymous throughout the world with refined materials, attention to detail, and creativity. Learn more Add to basket - Remove Raclette cheese premium quality., 1 kg Options: 4 sizes 4 sizes 4.6 out of 5 stars 56 €35.00 € 35 . 00 ( €35.00 €35.00 /kg) €10.50 delivery 7 - 11 Jun Add to basket - Remove More buying choices €26.95 (2 new offers) Provola dolce bianca Salumi Pasini® | White Provola Cheese | Delicate Flavour | 450 g | Typical Italian Cheese 4.8 out of 5 stars 18 €18.50 € 18 . 50 ( €41.11 €41.11 /kg) €14.99 delivery 4 - 6 Jun Only 13 left in stock. Add to basket - Remove Vernières Frères Roquefort French Blue Cheese, 52% Fat 200 g 4.0 out of 5 stars 14 See options No featured offers available €12.80 (1 new offer) Lorenz Snack World Crunchips Cheese & Onion, Pack of 10 (10 x 150 g) Crunchips Cheese & Onion Options: 3 sizes 3 sizes 4.5 out of 5 stars 281 50+ bought in past month €19.90 € 19 . 90 ( €13.27 €13.27 /kg) €17.91 with Subscribe & Save discount €9.71 delivery Mon, 3 Jun Delivers to Portugal Add to basket - Remove More buying choices €18.65 (6 new offers) Related searches käse chess cheese balls cheetos cheese sauce cheese board Previous 1 2 3 ... 7 Next Brands related to your search Sponsored Käse Geschenke und mehr Käse Geschenke und mehr Shop Henri Willig Käse Traditionelle Metzgerqualität aus der Oberlausitz Traditionelle Metzgerqualität aus der Oberlausitz Shop MEISTER'S Wahre Pizza-Leidenschaft beginnt bei den Zutaten Wahre Pizza-Leidenschaft beginnt bei den Zutaten Shop DELICRET Do you need help? Visit the help section or contact us Go back to the filtering menu Skip to main search results Eligible for free delivery Free Delivery by Amazon Free Shipping by Amazon to eligible destinations Department Grocery Fresh Hard Cheese Packaged Gouda Cheese Cheese Gifts Cream Cheeses Packaged Emmental Cheese Packaged Camembert Cheese Packaged Maasdam Cheese Customer Review 4 Stars & Up & Up Brand Alnatura Knorr Barilla Landmetzger Schiessl Pikanten NABIO Genussleben HENRI WILLIG Wasa RUF Feiner Käse Hemmen ebaney Almgourmet Feddeck Maggi Lay's MEISTER'S Chio Fonzies Salumi Pasini Cheesepop Bifi Senner-Alpkäse-Classic-Box Snowdonia Cheese Company See more Price €1 – €1,050+ Go Deals & Savings All Savings Today's Deals Dietary Restrictions Alcohol Free Egg Free Lactose Free Mustard Free No Added Salt No Added Sugar No Artificial Colours No Artificial Flavour No Cow's Milk No Egg White No Genetic Engineering No Preservatives Suitable for Diabetics Wheat Free See more Grocery Speciality Fair Trade Fat Free High in Protein Low Carb Low Fat Natural Organic Organic Certificates EG-Öko-Verordnung Promotions Subscribe & Save Made In Italy France Seller Amazon.de Hymor Italiaen Gourmet delicatessen-shop Käse Theke Chemnitz CrackersCompany Availability Include Out of Stock Your recently viewed items and featured recommendations › View or edit your browsing history After viewing product detail pages, look here to find an easy way to navigate back to pages you are interested in. Your recently viewed items and featured recommendations › View or edit your browsing history After viewing product detail pages, look here to find an easy way to navigate back to pages you are interested in. Back to top Get to Know Us Careers Press Releases About us Blog Amazon Logistikblog Imprint Amazon Science Make Money with Us Sell on Amazon Sell on Amazon Business Sell on Amazon Handmade Associates Programme Fulfilment by Amazon Seller Fulfilled Prime Advertise Your Products Independently Publish with Us Amazon Pay Host an Amazon Hub › See More Make Money with Us Amazon Payment Methods Amazon.de Visa Card Shop with points Credit Card Gift Cards Monthly Invoice SEPA Direct Debit Amazon Currency Converter Top Up Your Account Top Up Your Account in Store Let Us Help You COVID-19 and Amazon Track Packages or View Orders Delivery Rates & Policies Returns & Replacements Recycling (including disposal of electrical and electronic equipment) Manage Your Content and Devices Amazon Mobile App Amazon Assistant Customer Service Cancel Vodafone contracts Accessibility English Germany Amazon Advertising Find, attract and engage customers Amazon Music Stream millions of songs AbeBooks Books, art & collectables Amazon Web Services Scalable Cloud Computing Services Audible Download Audiobooks IMDb Movies, TV & Celebrities Kindle Direct Publishing Indie Digital & Print Publishing Made Easy Shopbop Designer Fashion Brands Amazon Warehouse Deep Discounts Open-Box Products ZVAB Centralized Directory of Antiquarian Books Amazon Business Pay by Invoice. PO Numbers. For Business. Conditions of Use & Sale Privacy Notice Imprint Cookies Notice Interest-Based Ads Notice © 1996-2024, Amazon.com, Inc. or its affiliates TRANSLATE with x English Arabic Hebrew Polish Bulgarian Hindi Portuguese Catalan Hmong Daw Romanian Chinese Simplified Hungarian Russian Chinese Traditional Indonesian Slovak Czech Italian Slovenian Danish Japanese Spanish Dutch Klingon Swedish English Korean Thai Estonian Latvian Turkish Finnish Lithuanian Ukrainian French Malay Urdu German Maltese Vietnamese Greek Norwegian Welsh Haitian Creole Persian TRANSLATE with COPY THE URL BELOW Back EMBED THE SNIPPET BELOW IN YOUR SITE Enable collaborative features and customize widget: Bing Webmaster Portal Back Does this page contains user specific information? Answer only with yes or no.